@book{xie2016bookdown,
  title={Bookdown: Authoring Books and Technical Documents with R Markdown},
  author={Xie, Yihui},
  year={2016},
  publisher={CRC Press}
}

@book{wickham2016r,
  title={R for data science: import, tidy, transform, visualize, and model data},
  author={Wickham, Hadley and Grolemund, Garrett},
  year={2016},
  publisher={" O'Reilly Media, Inc."}
}

@article{dicker1992principles,
  title={Principles of Epidemiology, 2nd edn., US Department of Health and Human Services},
  author={Dicker, R and Gathany, NC},
  journal={Public Health Service, Centre for Disease Control and Prevention (CDC), Atlanta},
  year={1992}
}

@book{pfeiffer2008spatial,
  title={Spatial analysis in epidemiology},
  author={Pfeiffer, Dirk and Robinson, Timothy P and Stevenson, Mark and Stevens, Kim B and Rogers, David J and Clements, Archie CA and others},
  volume={142},
  number={10.1093},
  year={2008},
  publisher={Oxford University Press Oxford}
}

@book{porta2014dictionary,
  title={A dictionary of epidemiology},
  author={Porta, Miquel},
  year={2014},
  publisher={Oxford university press}
}

@article{barreto2006infectious,
  title={Infectious diseases epidemiology},
  author={Barreto, Mauricio L and Teixeira, Maria Gl{\'o}ria and Carmo, Eduardo Hage},
  journal={Journal of Epidemiology \& Community Health},
  volume={60},
  number={3},
  pages={192--195},
  year={2006},
  publisher={BMJ Publishing Group Ltd}
}

@book{xie2020bookdown,
  title={Bookdown: Authoring Books and Technical Documents with R Markdown},
  author={Xie, Yihui},
  year={2020},
  url = {https://CRAN.R-project.org/package=bookdown}
}

@book{Hyndman2018,
  title={Forecasting: principles and practice},
  author={Hyndman, Rob J and Athanasopoulos, George},
  year={2018},
  publisher={OTexts}
}

@article{Cleveland1990,
  title={STL: A seasonal-trend decomposition},
  author={Cleveland, Robert B and Cleveland, William S and McRae, Jean E and Terpenning, Irma},
  journal={Journal of official statistics},
  volume={6},
  number={1},
  pages={3--73},
  year={1990}
}

@article{bates1969combination,
  title={The combination of forecasts},
  author={Bates, John M and Granger, Clive WJ},
  journal={Journal of the Operational Research Society},
  volume={20},
  number={4},
  pages={451--468},
  year={1969},
  publisher={Taylor \& Francis}
}

@article{assimakopoulos2000theta,
  title={The theta model: a decomposition approach to forecasting},
  author={Assimakopoulos, Vassilis and Nikolopoulos, Konstantinos},
  journal={International journal of forecasting},
  volume={16},
  number={4},
  pages={521--530},
  year={2000},
  publisher={Elsevier}
}

@book{Sievert2020,
  title={Interactive Web-Based Data Visualization with R, plotly, and shiny},
  author={Sievert, Carson},
  year={2020},
  publisher={CRC Press}
}

@misc{killeen2020county,
 title={A County-level Dataset for Informing the {U}nited {S}tates' Response to {COVID}-19},
 author={Killeen, Benjamin D and Wu, Jie Ying and Shah, Kinjal and Zapaishchykova, Anna and Nikutta, Philipp and Tamhane, Aniruddha and Chakraborty, Shreya and Wei, Jinchi and Gao, Tiger and Thies, Mareike and Unberath, Mathias},
 year = {2020},
 howpublished={Available at \url{https://arxiv.org/abs/2004.00756v2}}
}

@misc{wang:2020:comparing,
  title={Comparing and Integrating {US} {COVID}-19 Daily Data from Multiple Sources: A County-Level Dataset with Local Characteristics},
  author={Wang, Guannan and Gu, Zhiling and Li, Xinyi and Yu, Shan and Kim, Myungjin and Wang, Yueying and Gao, Lei and Wang, Li},
  year = {2020},
  howpublished={Available at \url{https://arxiv.org/abs/2006.01333v3}.}
}

@article{DistMesh,
  title={A simple mesh generator in MATLAB},
  author={Persson, Per Olof and Strang, Gilbert},
  journal={SIAM review},
  volume={46},
  number={2},
  pages={329--345},
  year={2004},
  publisher={SIAM}
}

@article{de2011forecasting,
  title={Forecasting time series with complex seasonal patterns using exponential smoothing},
  author={De Livera, Alysha M and Hyndman, Rob J and Snyder, Ralph D},
  journal={Journal of the American statistical association},
  volume={106},
  number={496},
  pages={1513--1527},
  year={2011},
  publisher={Taylor \& Francis}
}


@misc{Wang:etal:supp:20,
	Author = {Wang, L. and Wang, G. and Gao, L. and Li, X. and Yu, S. and Kim, M. and Wang, Y. and Gu, Z.},
	Title = {Supplementary materials for `Spatiotemporal Dynamics, Nowcasting and Forecasting of {COVID}-19 in the {U}nited {S}tates'},
	howpublished= {Available at \url{https://faculty.sites.iastate.edu/lilywang/page/arxiv}},
	Year = {2020},
	Bdsk-Url-1 = {https://faculty.sites.iastate.edu/lilywang/page/arxiv}
}

@misc{Nakazawa:16,
	Author = {Nakazawa, M. and Nakazawa, M. M.},
	Howpublished = {{R} package version 0.6.3. Available at \url{https://cran.r-project.org/web/packages/fmsb/index.html}},
	Title = {grpreg: Regularization Paths for Regression Models with Grouped Covariates},
	Year = {2016}
}

@misc{Zhang:etal:20,
	Title={Prediction of the {COVID}-19 outbreak based on a realistic stochastic model},
	Author={Zhang, Yuan and You, Chong and Cai, Zhenghao and Sun, Jiarui and Hu, Wenjie and Zhou, Xiao-Hua},
	  howpublished={Preprint at \url{https://www.medrxiv.org/content/10.1101/2020.03.10.20033803v1}},
	  year ={2020}
}


@misc{Elmousalami:Hassanien:20,
  title={Day level forecasting for Coronavirus disease ({COVID}-19) spread: Analysis, modeling and recommendations},
  author={Elmousalami, H. H. and Hassanien, A. E.},
  howpublished={Preprint at \url{https://arxiv.org/abs/2003.07778}},
  year={2020},
}


@misc{Kucharski:etal:20,
  title={Early dynamics of transmission and control of {COVID-19}: A mathematical modelling study},
  author={Kucharski, A. J. and Russell, T. W. and Diamond, C. and Liu, Y. and Edmunds, J. and Funk, S. and Eggo, R. M.},
  howpublished={Preprint at \url{https://www.medrxiv.org/content/10.1101/2020.01.31.20019901v2}},
  year={2020}
}


@book{Lai:Schumaker:07,
	Author = {Lai, M. J. and Schumaker, L. L.},
	Edition = {1st},
	Publisher = {Cambridge University Press},
	Title = {Spline Functions on Triangulations},
	Year = {2007}
}


@mist{BusiInsi:20,
Author = {Rosie Perper and Ellen Cranley and Sarah Al-Arshani},
Title = {Almost all {US} states have declared states of emergency to fight coronavirus â€” here's what it means for them},
howpublished = {2020. Available at \url{https://www.businessinsider.com/california-washington-state-of-emergency-coronavirus-what-it-means-2020-3}. (last accessed November 15, 2020).}
}

@misc{USAFacts:20,
	Author={USAFacts},
    Title={Detailed Methodology and Sources: COVID-19 Data: Detailed methodology on how USAFacts collects COVID-19 data},
     howpublished={2020. Available at: \url{https://usafacts.org/articles/detailed-methodology-covid-19-data/} (last accessed November 15, 2020).}
}

@misc{WHO:20,
	Author={{World Health Organization}},
	Title={{WHO Director}-{G}eneral's opening remarks at the media briefing on {COVID}-19 -- 11 {M}arch 2020},
	  howpublished={Available at:  \url{https://www.who.int/dg/speeches/detail/who-director-general-s-opening-remarks-at-the-media-briefing-on-covid-19---11-march-2020} (Accessed: 9th May 2020).}
}


@misc{CNN:20,
  Title={{M}ost people recover from {C}ovid-19. {H}ere's why it's hard to pinpoint exactly how many},
  Author={CNN},
  howpublished={Available at \url{https://www.cnn.com/2020/04/04/health/recovery-coronavirus-tracking-data-explainer/index.html} (Accessed: 9th May 2020).}
}

@misc{KCRA:20,
  title={{COVID}-19: {W}hy patient recovery data is scarce},
  author={KCRA},
  howpublished={Available at \url{https://www.kcra.com/article/covid-19-questions-recovery-numbers/32093456/} (Accessed: 9th May 2020).}
}

@article{Lai:Wang:13,
	Author = {Lai, M. J. and Wang, L.},
	Date-Modified = {2018-04-12 00:26:58 +0000},
	Journal = {Statistica Sinica},
	Pages = {1399--1417},
	Title = {Bivariate penalized splines for regression},
	Url = {http://www.jstor.org/stable/24310800},
	Volume = {23},
	Number = {3},
	Year = {2013},
	ISSN = {10170405, 19968507}}

@article{Sangalli:Ramsay:Ramsay:13,
	Author = {Sangalli, L. and Ramsay, J. and Ramsay, T.},
	Doi = {10.1111/rssb.12009},
	Journal = {Journal of the Royal Statistical Society B},
	Number = {4},
	Pages = {681--703},
	Title = {Spatial Spline Regression Models},
	Volume = {75},
	Year = {2013},
	Url = {https://doi.org/10.1111/rssb.12009} 
	}

@article{Wang:Wang:Lai:Gao:20,
	Author = {Wang, L. and Wang, G. and Lai, M. J. and Gao, L.},
	Journal = {Statistica Sinica},
	Pages = {347--369},
	Title = {Efficient estimation of partially linear models for data on complicated domains by bivariate penalized splines over triangulations},
	Doi = {10.5705/ss.202017.0243},
	Year = {2020}}

@article{Wang:Wang:19,
	Author = {Wang, G. and Wang, J.},
	Journal = {Stat},
	Pages = {e221},
	Title = {On selection of semiparametric spatial regression models},
	Doi ={10.1002/sta4.221},
	Volume = {8},
	Number = {1},
	Year = {2019}}

@article{Wood:03,
	Author = {Wood, S. N.},
	Date-Modified = {2018-04-29 17:03:50 +0000},
	Journal = {Journal of the Royal Statistical Society: Series B (Statistical Methodology)},
	Pages = {95--114},
	Title = {Thin Plate Regression Splines},
	Doi = {10.1111/1467-9868.00374},
	Volume = {65},
	Year = {2003}}


@article{Pan:etal:20,
	Title={Association of public health interventions with the epidemiology of the COVID-19 outbreak in Wuhan, China},
	Author={Pan, An and Liu, Li and Wang, Chaolong and Guo, Huan and Hao, Xingjie and Wang, Qi and Huang, Jiao and He, Na and Yu, Hongjie and Lin, Xihong and Wei, Sheng and Wu, Tangchun},
	Journal={JAMA},
	issn = {0098-7484},
	Doi = {10.1001/jama.2020.6130},
	Url = {https://doi.org/10.1001/jama.2020.6130},
	Year={2020},
	month = {04},
	eprint = {https://jamanetwork.com/journals/jama/articlepdf/2764658/jama\_pan\_2020\_oi\_200040.pdf}
}

@article{Sun:etal:20,
	Title={Tracking Reproductivity of {COVID}-19 Epidemic in {C}hina with Varying Coefficient {SIR} Model},
	Author={Sun, Haoxuan and Qiu, Yumou and Yan, Han and Huang, Yaxuan and Zhu, Yuru and Gu, Jia and Chen, Song Xi},
	Journal={Journal of Data Science},
	Year={2020},
	Note = {Accepted}
}

@article{Wang:etal:20,
	Title={An Epidemiological Forecast Model and Software Assessing Interventions on {COVID}-19 Epidemic in China.},
	Author={Wang, Lili and Zhou, Yiwang and He, Jie and Zhu, Bin and Wang, Fei and Tang Lu and Eisenberg, Marisa C. and Song, Peter X.-K.},
	Journal={Journal of Data Science},
	Year={2020},
	Note = {Accepted}
}


@article{Huang:Peng:Jin:20,
  Title={Studies of the strategies for controlling the COVID-19 epidemic in China: Estimation of control efficacy and suggestions for policy makers},
  Author={Huang, Sen-zhong and  Peng, Zhihang and Jin, Zhen},
  Journal={SCIENTIA SINICA Mathematica},
  Year={2020},
  Publisher={Science China Press},
  Doi = {10.1360/SSM-2020-0043}
}


@article{Lin:etal:20,
	Title={Estimating the daily trend in the size of COVID-19 infected population in Wuhan},
 	 Author={Lin, Qiushi and Hu, Taojun and Zhou, Xiao Hua},
	Journal={medRxiv},
	Year={2020},
	Publisher={Cold Spring Harbor Laboratory Press},
	Doi = {10.1101/2020.02.12.20022277}
}

@article{Qin:etal:20,
	Title={Estimation of incubation period distribution of COVID-19 using disease onset forward time: a novel cross-sectional and forward follow-up study},
	Author={Qin, Jing and You, Chong and Lin, Qiushi and Hu, Taojun and Yu, Shicheng and Zhou, Xiao Hua},
	Journal={Available at SSRN 3548756},
	Year={2020},
	Doi = {10.1101/2020.03.06.20032417},
	Url = {https://www.medrxiv.org/content/early/2020/03/10/2020.03.06.20032417},
	eprint = {https://www.medrxiv.org/content/early/2020/03/10/2020.03.06.20032417.full.pdf},
	Journal = {medRxiv},
	Elocation-id = {2020.03.06.20032417}
}

@article{You:etal:20,
  Title={Estimation of the Time-Varying Reproduction Number of COVID-19 Outbreak in China},
  author={You, Chong and Deng, Yuhao and Hu, Wenjie and Sun, Jiarui and Lin, Qiushi and Zhou, Feng and Pang, Cheng Heng and Zhang, Yuan and Chen, Zhengchao and Zhou, Xiao Hua},
  Elocation-id = {2020.02.08.20021253},
  Doi = {10.1101/2020.02.08.20021253},
  Year={2020},
  Url= {https://www.medrxiv.org/content/early/2020/02/17/2020.02.08.20021253},
  Eprint = {https://www.medrxiv.org/content/early/2020/02/17/2020.02.08.20021253.full.pdf},
  Journal = {medRxiv}
}


@book{Pfeiffer:etal:08,
  Title={Spatial {A}nalysis in {E}pidemiology},
  Author={Pfeiffer, Dirk and Robinson, Timothy P and Stevenson, Mark and Stevens, Kim B and Rogers, David J and Clements, Archie CA and others},
  Year={2008},
  Publisher={Oxford University Press}
}



@book{Brauer:etal:08,
  Title={Mathematical {E}pidemiology},
  author={Brauer, Fred and van den Driessche, Pauline and Wu, Jianhong},
  Volume={1945},
  Year={2008},
  Publisher={Springer}
}

@article{Wakefield:19,
  Title={Spatio-temporal analysis of surveillance data},
  Author={Wakefield, Jon and Dong, Tracy Qi and Minin, Vladimir N},
  Journal={Handbook of Infectious Disease Data Analysis},
  Pages={455--476},
  Year={2019},
  Publisher={CRC Press}
}


@article{Dukic:etal:12,
  Title={Tracking epidemics with Google flu trends data and a state-space SEIR model},
  Author={Dukic, Vanja and Lopes, Hedibert F and Polson, Nicholas G},
  Journal={Journal of the American Statistical Association},
  Volume={107},
  Number={500},
  Pages={1410--1426},
  Year={2012},
  Publisher={Taylor \& Francis}
}

@article{Frasso:Lambert:16,
  Title={Bayesian inference in an extended SEIR model with nonparametric disease transmission rate: an application to the Ebola epidemic in Sierra Leone},
  Author={Frasso, Gianluca and Lambert, Philippe},
  Journal={Biostatistics},
  Volume={17},
  Number={4},
  Pages={779--792},
  Year={2016},
  Publisher={Oxford University Press},
  Doi = {10.1093/biostatistics/kxw027}
}

@book{Bjornstad:18,
  Title={Epidemics: models and data using R},
  Author={Bj{\o}rnstad, Ottar N},
  Year={2018},
  Publisher={Springer}
}

@article{Weiss:13,
  Title={The {SIR} model and the foundations of public health},
  Author={Weiss, Howard Howie},
  Journal={Materials matematics},
  Pages={01--17},
  Year={2013}
}

@article{Li:etal:20,
  Title={Estimating the scale of COVID-19 Epidemic in the United States: Simulations Based on Air Traffic directly from Wuhan, China},
  Author={Li, Dalin and Lv, Jun and Botwin, Gregory and Braun, Jonathan and Cao, Weihua and Li, Liming and McGovern, Dermot PB},
  Journal={medRxiv},
  Year={2020},
  Publisher={Cold Spring Harbor Laboratory Press},
  Doi = {10.1101/2020.03.06.20031880}
}

@article{Osthus:etal:17,
  Title={Forecasting seasonal influenza with a state-space SIR model},
  Author={Osthus, Dave and Hickmann, Kyle S and Caragea, Petru{\c{t}}a C and Higdon, Dave and Del Valle, Sara Y},
  Journal={The annals of applied statistics},
  Volume={11},
  Number={1},
  Pages={202},
  Year={2017},
  Publisher={NIH Public Access},
  Doi = {10.1214/16-AOAS1000}
}

@article{Song:etal:20,
  Title={An epidemiological forecast model and software assessing interventions on COVID-19 epidemic in China},
  Author={Song, Peter X and Wang, Lili and Zhou, Yiwang and He, Jie and Zhu, Bin and Wang, Fei and Tang, Lu and Eisenberg, Marisa},
  Journal={medRxiv},
  Year={2020},
  publisher={Cold Spring Harbor Laboratory Press},
  Doi = {10.1101/2020.02.29.20029421}
}

@article{Li:Feng:20,
  Title={Trend and forecasting of the COVID-19 outbreak in China},
  Author={Li, Qiang and Feng, Wei},
  Journal={arXiv preprint arXiv:2002.05866},
  year={2020},
  Doi = {10.1016/j.jinf.2020.02.014}
}


@article{Anastassopoulou:etal:20,
   author = {Anastassopoulou, Cleo AND Russo, Lucia AND Tsakris, Athanasios AND Siettos, Constantinos},
    journal = {PLOS ONE},
    publisher = {Public Library of Science},
    title = {Data-based analysis, modelling and forecasting of the {COVID}-19 outbreak},
    year = {2020},
    month = {03},
    volume = {15},
    url = {https://doi.org/10.1371/journal.pone.0230405},
    pages = {1--21},
    number = {3},
    doi = {10.1371/journal.pone.0230405}
}


@article{Hackl:Dubernet:19,
  title={Epidemic spreading in urban areas using agent-based transportation models},
  author={Hackl, J{\"u}rgen and Dubernet, Thibaut},
  journal={Future Internet},
  volume={11},
  number={4},
  pages={92},
  year={2019},
  publisher={Multidisciplinary Digital Publishing Institute},
  Doi = {10.3390/fi11040092}
}

@article{Du:Etal:20,
  title={Risk for transportation of 2019 novel coronavirus disease from Wuhan to other cities in China},
  author={Du, Z and Wang, L and Cauchemez, S and Xu, X and Wang, X and Cowling, BJ and Meyers, LA},
  journal={Emerging infectious diseases},
  volume={26},
  number={5},
  year={2020},
  Doi = {10.3201/eid2605.200146}
}

@article{Angulo:etal:13,
  title={Spatiotemporal infectious disease modeling: a BME-SIR approach},
  author={Angulo, Jose and Yu, Hwa-Lung and Langousis, Andrea and Kolovos, Alexander and Wang, Jinfeng and Madrid, Ana Esther and Christakos, George},
  journal={PloS one},
  volume={8},
  number={9},
  year={2013},
  publisher={Public Library of Science},
  Doi = {10.1371/journal.pone.0072168}
}

@article{Drake:etal:19,
  title={The statistics of epidemic transitions},
  author={Drake, John M and Brett, Tobias S and Chen, Shiyang and Epureanu, Bogdan I and Ferrari, Matthew J and Marty, {\'E}ric and Miller, Paige B and O?Dea, Eamon B and O?Regan, Suzanne M and Park, Andrew W and others},
  journal={PLoS computational biology},
  volume={15},
  number={5},
  year={2019},
  publisher={Public Library of Science},
  Doi = {10.1371/journal.pcbi.1006917}
}

@article{Hu:etal:20,
  title={Artificial intelligence forecasting of covid-19 in china},
  author={Hu, Zixin and Ge, Qiyang and Jin, Li and Xiong, Momiao},
  journal={arXiv preprint arXiv:2002.07112},
  year={2020}
}

@article{Sun:Chen:Vihoud:20,
  title={Early epidemiological analysis of the coronavirus disease 2019 outbreak based on crowdsourced data: a population-level observational study},
  author={Sun, Kaiyuan and Chen, Jenny and Viboud, C{\'e}cile},
  journal={The Lancet Digital Health},
  year={2020},
  publisher={Elsevier},
  Doi = {10.1016/S2589-7500(20)30026-1}
}


@article{Backer:etal:20,
  title={Incubation period of 2019 novel coronavirus (2019-nCoV) infections among travellers from Wuhan, China, 20--28 January 2020},
  author={Backer, Jantien A and Klinkenberg, Don and Wallinga, Jacco},
  journal={Eurosurveillance},
  volume={25},
  number={5},
  year={2020},
  publisher={European Centre for Disease Prevention and Control}
}


@article{Chen:etal:20,
  title={Epidemiological and clinical characteristics of 99 cases of 2019 novel coronavirus pneumonia in {W}uhan, {C}hina: a descriptive study},
  author={Chen, Nanshan and Zhou, Min and Dong, Xuan and Qu, Jieming and Gong, Fengyun and Han, Yang and Qiu, Yang and Wang, Jingli and Liu, Ying and Wei, Yuan and others},
  journal={The Lancet},
  volume={395},
  number={10223},
  pages={507--513},
  year={2020},
  publisher={Elsevier}
}

@misc{Lai:etal:20,
  title={Preliminary risk analysis of 2019 novel coronavirus spread within and beyond China},
  author={Lai, Shengjie and Bogoch, Isaac I and Watts, Alexander and Khan, Kamran and Li, Zhongjie and Tatem, Andrew},
  Url={https://www.worldpop.org/events/china},
  year={2020}
}


@article{Read:etal:20,
  title={Novel coronavirus 2019-nCoV: early estimation of epidemiological parameters and epidemic predictions},
  author={Read, Jonathan M and Bridgen, Jessica RE and Cummings, Derek AT and Ho, Antonia and Jewell, Chris P},
  journal={medRxiv},
  year={2020},
  publisher={Cold Spring Harbor Laboratory Press},
  Doi = {10.1101/2020.01.23.20018549}
}

@article{Yu:etal:20,
	title={Estimation and inference for generalized geoadditive models},
	author={Yu, Shan and Wang, Guannan and Wang, Li and Liu, Chenhui and Yang, Lijian},
	journal={Journal of the American Statistical Association},
	pages={1--27},
	year={2020},
	Doi = {10.1080/01621459.2019.1574584},
	publisher={Taylor \& Francis}
}
	
@article{Mu:Wang:Wang:18,
	Author = {Mu, J. and Wang, G. and Wang, L.},
	Journal = {Environmetrics},
	Title = {Estimation and inference in spatially varying coefficient models},
	Volume = {29},
	Pages = {e2485},
	Year = {2018},
	Doi = {10.1002/env.2485}
}

@article{Kim:Wang:20,
	Author = {Kim, Myungjin and Wang, Li},
	Journal = {Journal of Computational and Graphical Statistics},
	Title = {Generalized spatially varying coefficient models},
	Note = {Accepted},
	Year = {2020}
}


@article{Beckett:etal:14,
  Title={Zero-inflated {P}oisson ({ZIP}) distribution: parameter estimation and applications to model data from natural calamities},
  Author={Beckett, Sadie and Jee, Joshua and Ncube, Thapelo and Pompilus, Sophia and Washington, Quintel and Singh, Anshuman and Pal, Nabendu},
  Journal={Involve, a Journal of Mathematics},
  Volume={7},
  Number={6},
  Pages={751--767},
  Year={2014},
  Publisher={Mathematical Sciences Publishers},
  Doi = {10.2140/involve.2014.7.751}
}


@article{IHME:Christopher:20,
  title={Forecasting COVID-19 impact on hospital bed-days, ICU-days, ventilator-days and deaths by US state in the next 4 months},
  author={IHME COVID-19 health service utilization forecasting team and Murray, Christopher JL},
  journal={medRxiv},
  year={2020},
  publisher={Cold Spring Harbor Laboratory Press},
  Doi = {10.1101/2020.03.27.20043752}
}

@article{Siettos:2013,
  title={Mathematical modeling of infectious disease dynamics},
  author={Siettos, Constantinos I and Russo, Lucia},
  journal={Virulence},
  volume={4},
  number={4},
  pages={295--306},
  year={2013},
  publisher={Taylor \& Francis},
  Doi = {10.4161/viru.24041}
}

@article{Fanelli:Piazza:20,
  title={Analysis and forecast of {COVID}-19 spreading in {C}hina, {I}taly and {F}rance},
  author={Fanelli, D. and Piazza, F.},
  journal={Chaos, Solitons \& Fractals},
  volume={134},
  number={109761},
  year={2020}
}

@misc{Altieri:etal:20,
  title={Curating a {COVID}-19 data repository and forecasting county-level death counts in the {U}nited {S}tates},
  author={Altieri, Nick and Barter, Rebecca and Duncan, James and Dwivedi, Raaz and Kumbier, Karl and Li, Xiao and Netzorg, Robert and Park, Briton and Singh, Chandan and Tan, Yan Shuo and Tang, Tiffany and Wang, Yu and Yu, Bin},
  howpublished={ \url{https://www.stat.berkeley.edu/~binyu/Site/Publications.html} (Accessed: 9th May 2020).},
}


@article{Poikolainen:Eskola:88,
  title={Health services resources and their relation to mortality from causes amenable to health care intervention: a cross-national study},
  author={Poikolainen, Kari and Eskola, Juhani},
  journal={International Journal of Epidemiology},
  volume={17},
  number={1},
  pages={86--89},
  year={1988},
  publisher={Oxford University Press},
  Doi = {10.1093/ije/17.1.86}
}

@article{Finkenstadt:etal:00,
  title={Time series modelling of childhood diseases: a dynamical systems approach},
  author={Finkenst{\"a}dt, B{\"a}rbel F and Grenfell, Bryan T},
  journal={Journal of the Royal Statistical Society: Series C},
  volume={49},
  number={2},
  pages={187--205},
  year={2000},
  publisher={Wiley Online Library},
  Doi = {10.1111/1467-9876.00187}
}

@article{De:etal:95,
  title={How does the transmission depend on population size?},
  author={De Jong, MCM and Diekmann, O and Heesterbeek, JAP},
  journal={Epidemic models: their structure and relation to data},
  volume={5},
  pages={84},
  year={1995},
  publisher={Cambridge University Press}
}



@article{Liu:Hethcote:Levin:87,
  title={Dynamical behavior of epidemiological models with nonlinear incidence rates},
  author={Liu, Wei Min and Hethcote, Herbert W and Levin, Simon A},
  journal={Journal of mathematical biology},
  volume={25},
  number={4},
  pages={359--380},
  year={1987},
  publisher={Springer}
}


@article{Staszewska:09,
	Title={Bootstrap Confidence Bands for Forecast Paths},
	Author={Staszewska-Bystrova, Anna},
	Journal={Available at SSRN 1507451},
	Doi = {dx.doi.org/10.2139/ssrn.1507451},
	Url = {https://ssrn.com/abstract=1507451},
	Year={2009}
}

@article{Baud:20,
  title={Real estimates of mortality following COVID-19 infection},
  author={Baud, David and Qi, Xiaolong and Nielsen-Saines, Karin and Musso, Didier and Pomar, L{\'e}o and Favre, Guillaume},
  journal={The Lancet infectious diseases},
  year={2020},
  publisher={Elsevier}
}

@article{modellingCOVID19,
    title={Modelling {COVID}-19},
    author={Vespignani, A. and Tian, H. and Dye, C. and Lloyd-Smith, J. O. and Eggo, R. M. and Shrestha, M. and Scarpino, S. V. and Gutierrez, B. and Kraemer, M. U. G. and Wu, J. and  Leung, K. and  Leung, G. M.},
    journal={Nature Reviews Physics},
    year={2020}
}

@article{Gog:20,
  title={How you can help with {COVID}-19 modelling},
  author={Gog, Julia R},
  journal={Nature Reviews Physics},
  pages={1--2},
  year={2020},
  publisher={Nature Publishing Group}
}

@article{Xu:2020,
  title={Epidemiological data from the COVID-19 outbreak, real-time case information},
  author={Xu, Bo and Gutierrez, Bernardo and Mekaru, Sumiko and Sewalk, Kara and Goodwin, Lauren and Loskill, Alyssa and Cohn, Emily L and Hswen, Yulin and Hill, Sarah C and Cobo, Maria M and others},
  journal={Scientific data},
  volume={7},
  number={1},
  pages={1--6},
  year={2020},
  publisher={Nature Publishing Group}
}

@article{Jia:2020,
  title={Population flow drives spatio-temporal distribution of {COVID}-19 in {C}hina},
  author={Jia, Jayson S and Lu, Xin and Yuan, Yun and Xu, Ge and Jia, Jianmin and Christakis, Nicholas A},
  journal={Nature},
  pages={1--11},
  year={2020},
  publisher={Nature Publishing Group}
}

@article{ahmed2020inequality,
  title={Why inequality could spread {COVID}-19},
  author={Ahmed, Faheem and Ahmed, Na'eem and Pissarides, Christopher and Stiglitz, Joseph},
  journal={The Lancet Public Health},
  volume={5},
  number={5},
  pages={e240},
  year={2020},
  publisher={Elsevier}
}


@book{Brauer:08, 
  title={Mathematical Epidemiology},
  author={Brauer, Fred and van den Driessche, Pauline and Wu, Jianhong},
  volume={1945},
  year={2008},
  publisher={Springer, Berlin}
}

@book{Pfeiffer:08,
  title={Spatial Analysis in Epidemiology},
  author={Pfeiffer, Dirk U and Robinson, Timothy P and Stevenson, Mark and Stevens, Kim B and Rogers, David J and Clements, Archie C A},
  year={2008},
  publisher={Oxford University Press, New York}
}

@book{Lawson:16,
  title={Handbook of Spatial Epidemiology},
  author={Lawson, Andrew B and Banerjee, Sudipto and Haining, Robert P and Ugarte, Mar{\'\i}a Dolores},
  year={2016},
  publisher={CRC Press, New York}
}

@article{Wei:08,
  title={Thinning operations for modeling time series of countsâ€”a survey},
  author={Wei{\ss}, Christian H},
  journal={AStA Advances in Statistical Analysis},
  volume={92},
  number={},
  pages={319--341},
  year={2008},
  publisher={Springer}
}

@misc{Webel:Ollech:18,
	title={An overall seasonality test based on recursive feature elimination in conditional random forests},
	author={Webel, Karsten and Ollech, D},
	howpublished={Proceedings of the 5th International Conference on Time Series and Forecasting, 2018, pp. 20--31}
}


@misc{altieri:20,
  title={Curating a {COVID}-19 data repository and forecasting county-level death counts in the {United States}},
  author={Altieri, Nick and Barter, Rebecca L and Duncan, James and Dwivedi, Raaz and Kumbier, Karl and Li, Xiao and Netzorg, Robert and Park, Briton and Singh, Chandan and Tan, Yan Shuo and Tang, Tiffany and Wang, Yu and Zhang, Chao and Yu, Bin},
  howpublished={preprint (2020). Available at \url{https://arxiv.org/abs/2005.07882}}
}

@misc{Wang:etal:arxiv:20,
  title={Spatiotemporal dynamics, nowcasting and forecasting of {COVID}-19 in the {U}nited {S}tates},
  author={Wang, Li and Wang, Guannan and Gao, Lei and Li, Xinyi and Yu, Shan and Kim, Myungjin and Wang, Yueying and Gu, Zhiling},
  howpublished={preprint (2020). Available at \url{https://arxiv.org/abs/2004.14103}.}
}

@misc{CDC:20,
  Title={Standardized surveillance case definition and national notification for 2019 novel coronavirus disease ({COVID}-19)},
  Author={{Council of State and Territorial Epidemiologists}},
  howpublished={2020. Available at \url{https://cdn.ymaws.com/www.cste.org/resource/resmgr/2020ps/Interim-20-ID-01_COVID-19.pdf}. (last accessed November 15, 2020).}
}

@misc{NYT:20,
  Title={Coronavirus ({C}ovid-19) Data in the {U}nited {S}tates},
  Author={NYT},
  howpublished={2020. Available at \url{https://github.com/nytimes/covid-19-data}. (last accessed November 15, 2020).}
}

@misc{COVIDTrack,
	Author={{The Atlantic}},
	Title={{The {COVID} Tracking Project Data}},
	howpublished={2020. Available at \url{https://covidtracking.com}. (last accessed November 15, 2020).},
}

@misc{JHUCSSE,
  title={{COVID}-19 Data Repository},
  author={{The Center for Systems Science and Engineering at Johns Hopkins University}},
  howpublished={2020. Available at \url{https://github.com/CSSEGISandData/COVID-19}. (last accessed November 15, 2020).},
}

@misc{USAFact:20,
  title={Coronavirus Locations: {COVID}-19 Map by County and State},
  author={{USAFacts}},
  howpublished={2020. Available at \url{https://usafacts.org/visualizations/coronavirus-covid-19-spread-map}. (last accessed November 15, 2020).},
}

@misc{Stiglitz,
	Author={Silver, Caleb},
	title={Stiglitz: {P}andemic Exposed Health Inequality and Flaws of Market Economy},
	howpublished={2020. Available at \url{https://www.investopedia.com/nobel-winner-joseph-stiglitz-on-income-inequality-after-covid-19-4843052}. (last accessed November 15, 2020).}
}

@misc{App_1,
  title={An {R} shiny app to visualize, track, and predict real-time infected cases of {COVID}-19 in the {U}nited {S}tates},
  author={Wang, L. and Wang, G. and Gao, L. and Li, X. and Yu, S. and Kim, M. and Wang, Y. },
  howpublished={2020. Available at \url{https://covid19.stat.iastate.edu}. (last accessed November 15, 2020).}
}

@misc{App_2,
  title={An {R} Shiny App to predict the infected and death cases of {COVID}-19 in the {U.S.} for the next four months},
  author={Wang, L. and Wang, G. and Gao, L. and Li, X. and Yu, S. and Kim, M. and Wang, Y. and Gu, Z.},
  howpublished={2020. Available at \url{https://covid19.stat.iastate.edu/longtermproj.html}. (last accessed November 15, 2020).}
}

@misc{1point3acres,
  title={Global {COVID}-19 Tracker \& Interactive Charts},
  author={1Point3Acres},
  howpublished={Available at \url{https://coronavirus.1point3acres.com/en}. Accessed on August 1, 2020.}
}

@misc{NYTSAH2020,
  title={See which states and cities have told residents to stay at home},
  author={Mervosh, Sarah and Lu, Denise and Swales, Vanessa},
  howpublished={2020. Available at \url{https://www.nytimes.com/interactive/2020/us/coronavirus-stay-at-home-order.html}. (last accessed November 15, 2020).}
}
@misc{ACS1018,
  title={2010â€“2018 American Community Survey Demographic and Housing Estimates},
  author={{U.S. Census Bureau}},
  howpublished={2020. Available at \url{https://data.census.gov/cedsci/table?q=population\%20density&hidePreview=false&tid=ACSDP1Y2018.DP05&vintage=2018}. (last accessed November 15, 2020).}
}
@misc{ACS0509,
  title={2005-2009 American Community Survey 5-year estimates},
  author={{U.S. Census Bureau}},
  howpublished={2020. Available at \url{https://data.census.gov/cedsci/table?q=gini\%20coefficient&hidePreview=false&tid=ACSDT1Y2018.B19083&vintage=2018}. (last accessed November 15, 2020).}
}
@misc{EC12,
  title={2012 Economic Census},
  author={{U.S. Census Bureau}},
  howpublished={2020. Available at \url{https://data.census.gov/cedsci/table?q=government\%20expenditures\%20for\%20health&hidePreview=false&tid=ECNGRANT2012.EC1262SXSB3&t=Government\%3AHealth&vintage=2012}. (last accessed November 15, 2020).}
}

@misc{DC10,
  title={2010 {U.S.} Decennial Census},
  author={{U.S. Census Bureau}},
  howpublished={2020. Available at \url{https://data.census.gov/cedsci/table?q=urban\%20rate&hidePreview=false&tid=DECENNIALSF12010.H2&vintage=2010}. (last accessed November 15, 2020).}
}

@misc{HIFLD,
  title={{Homeland infrastructure
foundation-level data}},
  author={{U.S. Department of Homeland Security}},
  howpublished={2020. Available at \url{https://hifld-geoplatform.opendata.arcgis.com/datasets/6ac5e325468c4cb9b905f1728d6fbf0f_0/data}. (last accessed November 15, 2020).}
}

@misc{uscounties,
  title={{USA} Counties: 2011},
  author={{U.S. Census Bureau}},
  howpublished={2020. Available at \url{https://www.census.gov/library/publications/2011/compendia/usa-counties-2011.html}. (last accessed November 15, 2020).}
}

@misc{gazetteer,
  title={{The U.S.} Gazetteer Files},
  author={{U.S. Census Bureau}},
  howpublished={2020. Available at \url{https://www2.census.gov/geo/docs/maps-data/data/gazetteer/2019_Gazetteer}. (last accessed November 15, 2020).}
}

@misc{CDC:20:a,
  title={Standardized surveillance case definition and national notification for 2019 novel coronavirus disease ({COVID}-19)},
  author={{Council of State and Territorial Epidemiologists}},
  howpublished={Available at \url{https://cdn.ymaws.com/www.cste.org/resource/resmgr/2020ps/Interim-20-ID-01_COVID-19.pdf}. Accessed on August 1, 2020.}
}

@misc{CDC:20:b,
  title={Guidance on interpreting {COVID}-19 test results},
  author={{The U.S. Department of Health and Human Services}},
  howpublished={2020. Available at \url{https://www.whitehouse.gov/wp-content/uploads/2020/05/Testing-Guidance.pdf}. (last accessed November 15, 2020).}
}

@misc{Atlantic:20,
  title={How could the {CDC} make that mistake?},
  author={Madrigal, A. C. and Meyer, R.},
  howpublished={2020. Available at \url{https://www.theatlantic.com/health/archive/2020/05/cdc-and-states-are-misreporting-covid-19-test-data-pennsylvania-georgia-texas/611935}. (last accessed November 15, 2020).}
}


@article {MR0001219,
AUTHOR = {Jacobson, N.},
TITLE = {The fundamental theorem 
  of the {G}alois theory for quasi-fields},
JOURNAL = {Ann. of Math. (2)},
FJOURNAL = {Annals of Mathematics. 
  Second Series},
VOLUME = {41},
YEAR = {1940},
PAGES = {1--7},
ISSN = {0003-486X},
MRCLASS = {09.1X},
MRNUMBER = {0001219},
MRREVIEWER = {R. Brauer},
DOI = {10.2307/1968817},
URL = {http://doi-org/10.2307/1968817},
}


@article{Yu:2013:stability,
  title={Stability},
  author={Yu, Bin},
  journal={Bernoulli},
  volume={19},
  number={4},
  pages={1484--1500},
  year={2013},
  publisher={Bernoulli Society for Mathematical Statistics and Probability},
  doi = {10.3150/13-BEJSP14},
  url = {https://projecteuclid.org/euclid.bj/1377612862}
}

@article{Wang:etal:arxiv:20,
    Author={Wang, Li and Wang, Guannan and Gao, Lei and Li, Xinyi and Yu, Shan and Kim, Myungjin and Wang, Yueying and Gu, Zhiling},
	Title={Spatiotemporal Dynamics, Nowcasting and Forecasting of {COVID}-19 in the {U}nited {S}tates},
    journal={arXiv},
    doi = {2004.14103},
    url = {https://arxiv.org/abs/2004.14103},
    eprint = {https://arxiv.org/pdf/2004.14103.pdf},
    year = 2020
}



@article{Siettos:2013,
  title={Mathematical modeling of infectious disease dynamics},
  author={Siettos, Constantinos I and Russo, Lucia},
  journal={Virulence},
  volume={4},
  number={4},
  pages={295--306},
  year={2013},
  publisher={Taylor \& Francis},
  Doi = {10.4161/viru.24041},
  url = {https://doi.org/10.4161/viru.24041}
  
}

@article{ray:2020ensemble,
  title={Ensemble Forecasts of Coronavirus Disease 2019 ({COVID}-19) in the {US}},
  author={Ray, Evan L and Wattanachit, Nutcha and Niemi, Jarad and Kanji, Abdul Hannan and House, Katie and Cramer, Estee Y and Bracher, Johannes and Zheng, Andrew and Yamana, Teresa K and Xiong, Xinyue and al., et},
  journal={medRxiv},
  year={2020},
  doi = {10.1101/2020.08.19.20177493},
  publisher={Cold Spring Harbor Laboratory Press},
  URL = {https://www.medrxiv.org/content/early/2020/08/22/2020.08.19.20177493},
  eprint = {https://www.medrxiv.org/content/early/2020/08/22/2020.08.19.20177493.full.pdf}
}

@article{IHME:Christopher:20,
  title={{Forecasting COVID-19 impact on hospital bed-days, ICU-days, ventilator days and deaths by US state in the next 4 months}},
  author={Murray, Christopher JL and others},
  journal={medRxiv},
  year={2020},
  Doi = {10.1101/2020.03.27.20043752},
  URL = {https://www.medrxiv.org/content/early/2020/03/30/2020.03.27.20043752},
 eprint = {https://www.medrxiv.org/content/early/2020/03/30/2020.03.27.20043752.full.pdf},
}

@article{moran2016epidemic,
  title={Epidemic forecasting is messier than weather forecasting: The role of human behavior and internet data streams in epidemic forecast},
  author={Moran, Kelly R and Fairchild, Geoffrey and Generous, Nicholas and Hickmann, Kyle and Osthus, Dave and Priedhorsky, Reid and Hyman, James and Del Valle, Sara Y},
  journal={The Journal of Infectious Diseases},
  volume={214},
  number={suppl\_4},
  pages={S404--S408},
  year={2016},
  publisher={Oxford University Press},
  issn = {0022-1899},
  doi = {10.1093/infdis/jiw375},
  url = {https://doi.org/10.1093/infdis/jiw375}
}


@article{Liu:Hethcote:Levin:87,
  title={Dynamical behavior of epidemiological models with nonlinear incidence rates},
  author={Liu, Wei Min and Hethcote, Herbert W and Levin, Simon A},
  journal={Journal of Mathematical Biology},
  volume={25},
  number={4},
  pages={359--380},
  year={1987},
  publisher={Springer},
  Doi = {10.1007/BF00277162},
  url = {https://doi.org/10.1007/BF00277162}
}


@article{lessler2016mechanistic,
  title={Mechanistic models of infectious disease and their impact on public health},
  author={Lessler, Justin and Cummings, Derek AT},
  journal={American Journal of Epidemiology},
  volume={183},
  number={5},
  pages={415--422},
  year={2016},
  publisher={Oxford University Press},
  doi = {10.1093/aje/kww021},
  url = {https://doi.org/10.1093/aje/kww021}
}

@book{Lawson:etal:16,
  Title={Handbook of spatial epidemiology},
  Author={Lawson, Andrew B and Banerjee, Sudipto and Haining, Robert P and Ugarte, Mar{\'\i}a Dolores},
  Year={2016},
  Publisher={CRC Press},
  doi = {10.1201/b19470},
  url = {https://doi.org/10.1201/b19470}
}

@article{Drake:etal:19,
  title={The statistics of epidemic transitions},
  author={Drake, John M and Brett, Tobias S and Chen, Shiyang and Epureanu, Bogdan I and Ferrari, Matthew J and Marty, {\'E}ric and Miller, Paige B and O?Dea, Eamon B and O?Regan, Suzanne M and Park, Andrew W and others},
  journal={PLoS computational biology},
  volume={15},
  number={5},
  year={2019},
  publisher={Public Library of Science},
  Doi = {10.1371/journal.pcbi.1006917}
}

@article{kermack1927contribution,
  title={A contribution to the mathematical theory of epidemics},
  author={Kermack, William Ogilvy and McKendrick, Anderson G},
  journal={Proceedings of the Royal Society of London. Series A, Containing Papers of a Mathematical and Physical Character},
  volume={115},
  number={772},
  pages={700--721},
  year={1927},
  publisher={The Royal Society London}, 
  url = {https://doi.org/10.1098/rspa.1933.0106},
  doi = {10.1098/rspa.1933.0106}
}

@book{jewell2003statistics,
  title={Statistics for epidemiology},
  author={Jewell, Nicholas P},
  year={2003},
  publisher={CRC Press},
  doi = {10.1093/ije/dyh293},
  url = {https://doi.org/10.1093/ije/dyh293}
}



@article{De:etal:95,
 title={How does transmission of infection depend on population size?},
  author={De Jong, MCM and Diekmann, O and Heesterbeek, JAP},
  journal={Publications of the Newton Institute},
  volume={5},
  pages={84--94},
  year={1995},
  publisher={Cambridge University Press},
  doi = {10.1007/BF02459495},
  url = {https://doi.org/10.1007/BF02459495}
}

@article{Harko:Lobo:Mak:14,
    title={{Exact analytical solutions of the Susceptible-Infected-Recovered (SIR) epidemic model and of the SIR model with equal death and birth rates}},
    author={Harko, Tiberiu and Lobo, Francisco SN and Mak, MK},
    journal={Applied Mathematics and Computation},
    volume={236},
	number = {1},
    pages={184--194},
    year={2014},
    doi={10.1016/j.amc.2014.03.030},
    url = {https://doi.org/10.1016/j.amc.2014.03.030},
    publisher={Elsevier}
}



@book{hyndman2018forecasting,
  title={Forecasting: principles and practice},
  author={Hyndman, Rob J and Athanasopoulos, George},
  year={2018},
  publisher={OTexts},
  url = {https://www.otexts.org/fpp}
}




@book{Daley:Gani:01,
    place={Cambridge}, 
    series={Cambridge Studies in Mathematical Biology}, 
    title={Epidemic modelling: An introduction},
    author={Daley, Daryl J and Gani, Joe},
    year={2001},
    DOI={10.1017/CBO9780511608834}, 
    publisher={Cambridge University Press}, 
    collection={Cambridge Studies in Mathematical Biology},
    url = {https://doi.org/10.1017/CBO9780511608834}
}

@article {Daley:Gani:01:2,
    AUTHOR = {Daley, Daryl J. and Swift, Randall J.},
     TITLE = {The size of a major epidemic of a vector-borne disease},
   JOURNAL = {J. Appl. Probab.},
  FJOURNAL = {Journal of Applied Probability},
    VOLUME = {48A},
      YEAR = {2011},
    NUMBER = {New frontiers in applied probability: a Festschrift for S\o ren
              Asmussen},
     PAGES = {235--247},
      ISSN = {0021-9002},
      ISBN = {0-902016-08-3},
   MRCLASS = {92D30 (62P10)},
  MRNUMBER = {2865629},
MRREVIEWER = {Andris Abakuks},
       DOI = {10.1239/jap/1318940468},
       URL = {https://doi.org/10.1239/jap/1318940468},
}



@article{altieri2020curating,
  title={Curating a {COVID}-19 data repository and forecasting county-level death counts in the United States},
  author={Altieri, Nick and Barter, Rebecca L and Duncan, James and Dwivedi, Raaz and Kumbier, Karl and Li, Xiao and Netzorg, Robert and Park, Briton and Singh, Chandan and Tan, Yan Shuo and Tang, Tiffany and Wang, Yu and Yu, Bin},
  journal={arXiv},
  doi = {10.1162/99608f92.1d4e0dae},
  url = {https://arxiv.org/abs/2005.07882},
  eprint = {https://arxiv.org/pdf/2005.07882.pdf},
  year={2020}
}

@article{Anastassopoulou:etal:20,
   author = {Anastassopoulou, Cleo AND Russo, Lucia AND Tsakris, Athanasios AND Siettos, Constantinos},
    journal = {PLOS ONE},
    publisher = {Public Library of Science},
    title = {Data-based analysis, modelling and forecasting of the {COVID-19} outbreak},
    year = {2020},
    month = {03},
    volume = {15},
    url = {https://doi.org/10.1371/journal.pone.0230405},
    pages = {1--21},
    number = {3},
    doi = {10.1371/journal.pone.0230405}
}



@book{brockwell2002introduction,
  AUTHOR = {Brockwell, Peter J. and Davis, Richard A.},
     TITLE = {Introduction to time series and forecasting},
    SERIES = {Springer Texts in Statistics},
   EDITION = {Third},
 PUBLISHER = {Springer, [Cham]},
      YEAR = {2016},
     PAGES = {xiv+425},
      ISBN = {978-3-319-29852-8; 978-3-319-29854-2},
   MRCLASS = {62-01 (60G10 62M10 62M20)},
  MRNUMBER = {3526245},
MRREVIEWER = {Wilfredo Palma},
       DOI = {10.1007/978-3-319-29854-2},
       URL = {https://doi.org/10.1007/978-3-319-29854-2},
}


@article{Breiman:01,
    AUTHOR = {Breiman, Leo},
     TITLE = {Statistical modeling: the two cultures},
      NOTE = {With comments and a rejoinder by the author},
   JOURNAL = {Statist. Sci.},
  FJOURNAL = {Statistical Science. A Review Journal of the Institute of
              Mathematical Statistics},
    VOLUME = {16},
      YEAR = {2001},
    NUMBER = {3},
     PAGES = {199--231},
      ISSN = {0883-4237},
   MRCLASS = {62D05},
  MRNUMBER = {1874152},
       DOI = {10.1214/ss/1009213726},
       URL = {https://doi.org/10.1214/ss/1009213726},
}


@book{Keeling:Rohani:08,
    ISBN = {9780691116174},
    URL = {https://doi.org/10.2307/j.ctvcm4gk0},
    doi  = {10.2307/j.ctvcm4gk0},
    author = {Matt J. Keeling and Pejman Rohani},
    publisher = {Princeton University Press},
    title = {Modeling infectious diseases in humans and animals},
    year = {2008}
}


@book{Held:etal:20,
    title={Handbook of infectious disease data analysis},
    author={Held, Leonhard and Hens, Niel and O'Neill, Philip D and Wallinga, Jacco},
    year={2020},
    DOI={s10.1201/9781315222912}, 
    publisher={New York: Chapman and Hall/CRC},
    url = {https://doi.org/10.1201/9781315222912}
}

@misc{King:2017:Online,
author = {Aaron A. King},
title = {ICTP Workshop on Mathematical Models of Climate Variability, Environmental Change and Infectious Diseases},
year = {2017 (accessed January, 2021)}, 
howpublished = "\url{https://kingaa.github.io/clim-dis/parest/parest.html#references}"}


